@inproceedings{LapczynskiBialowas2013,
author = {{\L}apczy\'{n}ski, Mariusz and Bia{\l}ow\k{a}s, Sylwester},
year = {2013},
month = {Sep},
pages = {},
title = {Discovering patterns of users' behaviours in an e-shop -- comparison of consumer buying behaviours in {Poland} and other {European} countries}
}